@article{Yusipov2017,
	doi = {10.1103/physrevlett.118.070402},
	url = {https://doi.org/10.1103/physrevlett.118.070402},
	year = {2017},
	month = feb,
	publisher = {American Physical Society ({APS})},
	volume = {118},
	number = {7},
	author = {I. Yusipov and T. Laptyeva and S. Denisov and M. Ivanchenko},
	title = {Localization in Open Quantum Systems},
	journal = {Physical Review Letters}
}

@article{Vershinina2017,
	doi = {10.1209/0295-5075/119/56001},
	url = {https://doi.org/10.1209/0295-5075/119/56001},
	year = {2017},
	month = sep,
	publisher = {{IOP} Publishing},
	volume = {119},
	number = {5},
	pages = {56001},
	author = {O. S. Vershinina and I. I. Yusipov and S. Denisov and M. V. Ivanchenko and T. V. Laptyeva},
	title = {Control of a single-particle localization in open quantum systems},
	journal = {{EPL} (Europhysics Letters)}
}

@article{Yusipov2018,
	doi = {10.1103/physrevb.97.020301},
	url = {https://doi.org/10.1103/physrevb.97.020301},
	year = {2018},
	month = jan,
	publisher = {American Physical Society ({APS})},
	volume = {97},
	number = {2},
	author = {I. I. Yusipov and T. V. Laptyeva and M. V. Ivanchenko},
	title = {Quantum jumps on Anderson attractors},
	journal = {Physical Review B}
}

@article{Vakulchyk2018,
	doi = {10.1103/physrevb.98.020202},
	url = {https://doi.org/10.1103/physrevb.98.020202},
	year = {2018},
	month = jul,
	publisher = {American Physical Society ({APS})},
	volume = {98},
	number = {2},
	author = {I. Vakulchyk and I. Yusipov and M. Ivanchenko and S. Flach and S. Denisov},
	title = {Signatures of many-body localization in steady states of open quantum systems},
	journal = {Physical Review B}
}

@article{Yusipov2019_1,
	doi = {10.1038/s41598-019-53526-2},
	url = {https://doi.org/10.1038/s41598-019-53526-2},
	year = {2019},
	month = nov,
	publisher = {Springer Science and Business Media {LLC}},
	volume = {9},
	number = {1},
	author = {I. I. Yusipov and M. V. Ivanchenko},
	title = {Quantum Neimark-Sacker bifurcation},
	journal = {Scientific Reports}
}

@article{Yusipov2019_2,
	doi = {10.1063/1.5094324},
	url = {https://doi.org/10.1063/1.5094324},
	year = {2019},
	month = jun,
	publisher = {{AIP} Publishing},
	volume = {29},
	number = {6},
	pages = {063130},
	author = {I. I. Yusipov and O. S. Vershinina and S. Denisov and S. P. Kuznetsov and M. V. Ivanchenko},
	title = {Quantum Lyapunov exponents beyond continuous measurements},
	journal = {Chaos: An Interdisciplinary Journal of Nonlinear Science}
}

@article{Yusipov2020,
	doi = {10.1063/1.5127936},
	url = {https://doi.org/10.1063/1.5127936},
	year = {2020},
	month = feb,
	publisher = {{AIP} Publishing},
	volume = {30},
	number = {2},
	pages = {023107},
	author = {I. I. Yusipov and O. S. Vershinina and S. V. Denisov and M. V. Ivanchenko},
	title = {Photon waiting-time distributions: A keyhole into dissipative quantum chaos},
	journal = {Chaos: An Interdisciplinary Journal of Nonlinear Science}
}








@inproceedings{confbib1,
  author = {Фамилия, И. О.},
  title = {название тезисов конференции},
  booktitle = {Название сборника},
  year = {2015},
  language = {russian},
  authorconf = {true},
}

@CONFERENCE{confbib2,
  author = {Фамилия, И. О.},
  title = {название тезисов конференции},
  booktitle = {Название сборника},
  year = {2015},
  language = {russian},
  authorconf = {true},
}

@ARTICLE{bib1,
  author = {Фамилия, И. О.},
  title = {Название статьи},
  journal = {Журнал},
  year = {2012},
  volume = {1},
  pages = {100},
  language = {russian},
  authorother = {true},
  authorconf = {true},
}

@CONFERENCE{bib2,
  author = {Фамилия, И. О.},
  title = {название тезисов конференции},
  booktitle = {Название сборника},
  year = {2012},
  language = {russian},
  authorconf = {true},
}

@ARTICLE{scbib1,
  author = {Фамилия, И. О. and Фамилия2, И. О. and Фамилия3, И. О.},
  title = {Название статьи},
  journal = {Журнал},
  year = {2018},
  volume = {2},
  number = {1},
  pages = {99--102},
  language = {russian},
  authorscopus = {true},
  authorwos = {true},
  addendum = {(Scopus, WoS)},
}

@ARTICLE{vakbib1,
  author = {Фамилия, И. О. and Фамилия2, И. О. and Фамилия3, И. О.},
  addendum = {(0,28~п.~л.; ВАК, WoS)},
  title = {Название статьи},
  journal = {Журнал},
  year = {2013},
  volume = {1},
  number = {5},
  pages = {100--120},
  language = {russian},
  authorvak = {true},
  authorwos = {true},
}

@ARTICLE{vakbib2,
  author = {Фамилия, И. О. and Фамилия2, И. О. and Фамилия3, И. О. and Фамилия4, И. О.},
  addendum = {(0,33~п.~л.~/ 0,28~п.~л.; ВАК)},
  title = {Название статьи},
  journal = {Журнал},
  year = {2014},
  volume = {1},
  number = {5},
  pages = {100--120},
  language = {russian},
  authorvak = {true},
}

@ARTICLE{wosbib1,
  author = {Фамилия, И. О. and Фамилия2, И. О. and Фамилия3, И. О.},
  addendum = {(0,21~п.~л., WoS)},
  title = {Название статьи},
  journal = {Журнал},
  year = {2011},
  volume = {1},
  number = {8},
  pages = {105--120},
  language = {russian},
  authorwos = {true},
}
