@article{Poot2012,
	doi = {10.1016/j.physrep.2011.12.004},
	url = {https://doi.org/10.1016/j.physrep.2011.12.004},
	year = {2012},
	month = feb,
	publisher = {Elsevier {BV}},
	volume = {511},
	number = {5},
	pages = {273--335},
	author = {Menno Poot and Herre S.J. van der Zant},
	title = {Mechanical systems in the quantum regime},
	journal = {Physics Reports}
}

@article{Aspelmeyer2014,
	doi = {10.1103/revmodphys.86.1391},
	url = {https://doi.org/10.1103/revmodphys.86.1391},
	year = {2014},
	month = dec,
	publisher = {American Physical Society ({APS})},
	volume = {86},
	number = {4},
	pages = {1391--1452},
	author = {Markus Aspelmeyer and Tobias J. Kippenberg and Florian Marquardt},
	title = {Cavity optomechanics},
	journal = {Reviews of Modern Physics}
}

@article{Clarke2008,
	doi = {10.1038/nature07128},
	url = {https://doi.org/10.1038/nature07128},
	year = {2008},
	month = jun,
	publisher = {Springer Science and Business Media {LLC}},
	volume = {453},
	number = {7198},
	pages = {1031--1042},
	author = {John Clarke and Frank K. Wilhelm},
	title = {Superconducting quantum bits},
	journal = {Nature}
}

@book{Breuer2007,
	doi = {10.1093/acprof:oso/9780199213900.001.0001},
	url = {https://doi.org/10.1093/acprof:oso/9780199213900.001.0001},
	year = {2007},
	month = jan,
	publisher = {Oxford University Press},
	author = {Heinz-Peter Breuer and Francesco Petruccione},
	title = {The Theory of Open Quantum Systems}
}

@article{Diehl2011,
	doi = {10.1038/nphys2106},
	url = {https://doi.org/10.1038/nphys2106},
	year = {2011},
	month = oct,
	publisher = {Springer Science and Business Media {LLC}},
	volume = {7},
	number = {12},
	pages = {971--977},
	author = {Sebastian Diehl and Enrique Rico and Mikhail A. Baranov and Peter Zoller},
	title = {Topology by dissipation in atomic quantum wires},
	journal = {Nature Physics}
}

@article{Kraus2008,
	doi = {10.1103/physreva.78.042307},
	url = {https://doi.org/10.1103/physreva.78.042307},
	year = {2008},
	month = oct,
	publisher = {American Physical Society ({APS})},
	volume = {78},
	number = {4},
	author = {B. Kraus and H. P. B\"{u}chler and S. Diehl and A. Kantian and A. Micheli and P. Zoller},
	title = {Preparation of entangled states by quantum Markov processes},
	journal = {Physical Review A}
}

@article{Lindblad1976,
	doi = {10.1007/bf01608499},
	url = {https://doi.org/10.1007/bf01608499},
	year = {1976},
	month = jun,
	publisher = {Springer Science and Business Media {LLC}},
	volume = {48},
	number = {2},
	pages = {119--130},
	author = {G. Lindblad},
	title = {On the generators of quantum dynamical semigroups},
	journal = {Communications in Mathematical Physics}
}

@article{Gorini1976,
	doi = {10.1063/1.522979},
	url = {https://doi.org/10.1063/1.522979},
	year = {1976},
	publisher = {{AIP} Publishing},
	volume = {17},
	number = {5},
	pages = {821},
	author = {Vittorio Gorini},
	title = {Completely positive dynamical semigroups of N-level systems},
	journal = {Journal of Mathematical Physics}
}

@article{Dalibard1992,
	doi = {10.1103/physrevlett.68.580},
	url = {https://doi.org/10.1103/physrevlett.68.580},
	year = {1992},
	month = feb,
	publisher = {American Physical Society ({APS})},
	volume = {68},
	number = {5},
	pages = {580--583},
	author = {Jean Dalibard and Yvan Castin and Klaus M{\o}lmer},
	title = {Wave-function approach to dissipative processes in quantum optics},
	journal = {Physical Review Letters}
}

@article{Dum1992,
	doi = {10.1103/physreva.46.4382},
	url = {https://doi.org/10.1103/physreva.46.4382},
	year = {1992},
	month = oct,
	publisher = {American Physical Society ({APS})},
	volume = {46},
	number = {7},
	pages = {4382--4396},
	author = {R. Dum and A. S. Parkins and P. Zoller and C. W. Gardiner},
	title = {Monte Carlo simulation of master equations in quantum optics for vacuum,  thermal,  and squeezed reservoirs},
	journal = {Physical Review A}
}

@article{Plenio1998,
	doi = {10.1103/revmodphys.70.101},
	url = {https://doi.org/10.1103/revmodphys.70.101},
	year = {1998},
	month = jan,
	publisher = {American Physical Society ({APS})},
	volume = {70},
	number = {1},
	pages = {101--144},
	author = {M. B. Plenio and P. L. Knight},
	title = {The quantum-jump approach to dissipative dynamics in quantum optics},
	journal = {Reviews of Modern Physics}
}

@book{Carmichael1993,
	doi = {10.1007/978-3-540-47620-7},
	url = {https://doi.org/10.1007/978-3-540-47620-7},
	year = {1993},
	publisher = {Springer Berlin Heidelberg},
	author = {Howard Carmichael},
	title = {An Open Systems Approach to Quantum Optics}
}

@article{Diehl2008,
	doi = {10.1038/nphys1073},
	url = {https://doi.org/10.1038/nphys1073},
	year = {2008},
	month = sep,
	publisher = {Springer Science and Business Media {LLC}},
	volume = {4},
	number = {11},
	pages = {878--883},
	author = {S. Diehl and A. Micheli and A. Kantian and B. Kraus and H. P. B\"{u}chler and P. Zoller},
	title = {Quantum states and phases in driven open quantum systems with cold atoms},
	journal = {Nature Physics}
}

@article{Marcuzzi2014,
	doi = {10.1088/1751-8113/47/48/482001},
	url = {https://doi.org/10.1088/1751-8113/47/48/482001},
	year = {2014},
	month = nov,
	publisher = {{IOP} Publishing},
	volume = {47},
	number = {48},
	pages = {482001},
	author = {M Marcuzzi and J Schick and B Olmos and I Lesanovsky},
	title = {Effective dynamics of strongly dissipative Rydberg gases},
	journal = {Journal of Physics A: Mathematical and Theoretical}
}

@article{Poletti2013,
	doi = {10.1103/physrevlett.111.195301},
	url = {https://doi.org/10.1103/physrevlett.111.195301},
	year = {2013},
	month = nov,
	publisher = {American Physical Society ({APS})},
	volume = {111},
	number = {19},
	author = {Dario Poletti and Peter Barmettler and Antoine Georges and Corinna Kollath},
	title = {Emergence of Glasslike Dynamics for Dissipative and Strongly Interacting Bosons},
	journal = {Physical Review Letters}
}

@article{Ivanchenko2017,
	doi = {10.1002/andp.201600402},
	url = {https://doi.org/10.1002/andp.201600402},
	year = {2017},
	month = jul,
	publisher = {Wiley},
	volume = {529},
	number = {8},
	pages = {1600402},
	author = {Mikhail V. Ivanchenko and Eugene A. Kozinov and Valentin D. Volokitin and Alexey V. Liniov and Iosif B. Meyerov and Sergey V. Denisov},
	title = {Classical Bifurcation Diagrams by Quantum Means},
	journal = {Annalen der Physik}
}

@article{Anderson1958,
	doi = {10.1103/physrev.109.1492},
	url = {https://doi.org/10.1103/physrev.109.1492},
	year = {1958},
	month = mar,
	publisher = {American Physical Society ({APS})},
	volume = {109},
	number = {5},
	pages = {1492--1505},
	author = {P. W. Anderson},
	title = {Absence of Diffusion in Certain Random Lattices},
	journal = {Physical Review}
}

@article{Kramer1993,
	doi = {10.1088/0034-4885/56/12/001},
	url = {https://doi.org/10.1088/0034-4885/56/12/001},
	year = {1993},
	month = dec,
	publisher = {{IOP} Publishing},
	volume = {56},
	number = {12},
	pages = {1469--1564},
	author = {B Kramer and A MacKinnon},
	title = {Localization: theory and experiment},
	journal = {Reports on Progress in Physics}
}

@article{Evers2008,
	doi = {10.1103/revmodphys.80.1355},
	url = {https://doi.org/10.1103/revmodphys.80.1355},
	year = {2008},
	month = oct,
	publisher = {American Physical Society ({APS})},
	volume = {80},
	number = {4},
	pages = {1355--1417},
	author = {Ferdinand Evers and Alexander D. Mirlin},
	title = {Anderson transitions},
	journal = {Reviews of Modern Physics}
}

@article{Esposito2012,
	doi = {10.1080/00107514.2011.649791},
	url = {https://doi.org/10.1080/00107514.2011.649791},
	year = {2012},
	month = mar,
	publisher = {Informa {UK} Limited},
	volume = {53},
	number = {2},
	pages = {188--189},
	author = {Salvatore Esposito},
	title = {50 Years of Anderson Localization,  edited by Elihu Abrahams},
	journal = {Contemporary Physics}
}

@article{Segev2013,
	doi = {10.1038/nphoton.2013.30},
	url = {https://doi.org/10.1038/nphoton.2013.30},
	year = {2013},
	month = feb,
	publisher = {Springer Science and Business Media {LLC}},
	volume = {7},
	number = {3},
	pages = {197--204},
	author = {Mordechai Segev and Yaron Silberberg and Demetrios N. Christodoulides},
	title = {Anderson localization of light},
	journal = {Nature Photonics}
}

@article{Billy2008,
	doi = {10.1038/nature07000},
	url = {https://doi.org/10.1038/nature07000},
	year = {2008},
	month = jun,
	publisher = {Springer Science and Business Media {LLC}},
	volume = {453},
	number = {7197},
	pages = {891--894},
	author = {Juliette Billy and Vincent Josse and Zhanchun Zuo and Alain Bernard and Ben Hambrecht and Pierre Lugan and David Cl{\'{e}}ment and Laurent Sanchez-Palencia and Philippe Bouyer and Alain Aspect},
	title = {Direct observation of Anderson localization of matter waves in a controlled disorder},
	journal = {Nature}
}

@article{Roati2008,
	doi = {10.1038/nature07071},
	url = {https://doi.org/10.1038/nature07071},
	year = {2008},
	month = jun,
	publisher = {Springer Science and Business Media {LLC}},
	volume = {453},
	number = {7197},
	pages = {895--898},
	author = {Giacomo Roati and Chiara D'Errico and Leonardo Fallani and Marco Fattori and Chiara Fort and Matteo Zaccanti and Giovanni Modugno and Michele Modugno and Massimo Inguscio},
	title = {Anderson localization of a non-interacting Bose{\textendash}Einstein condensate},
	journal = {Nature}
}

@article{Kondov2011,
	doi = {10.1126/science.1209019},
	url = {https://doi.org/10.1126/science.1209019},
	year = {2011},
	month = oct,
	publisher = {American Association for the Advancement of Science ({AAAS})},
	volume = {334},
	number = {6052},
	pages = {66--68},
	author = {S. S. Kondov and W. R. McGehee and J. J. Zirbel and B. DeMarco},
	title = {Three-Dimensional Anderson Localization of Ultracold Matter},
	journal = {Science}
}

@article{Jendrzejewski2012,
	doi = {10.1038/nphys2256},
	url = {https://doi.org/10.1038/nphys2256},
	year = {2012},
	month = mar,
	publisher = {Springer Science and Business Media {LLC}},
	volume = {8},
	number = {5},
	pages = {398--403},
	author = {F. Jendrzejewski and A. Bernard and K. M\"{u}ller and P. Cheinet and V. Josse and M. Piraud and L. Pezz{\'{e}} and L. Sanchez-Palencia and A. Aspect and P. Bouyer},
	title = {Three-dimensional localization of ultracold atoms in an optical disordered potential},
	journal = {Nature Physics}
}

@article{Genway2014,
	doi = {10.1103/physreve.89.042129},
	url = {https://doi.org/10.1103/physreve.89.042129},
	year = {2014},
	month = apr,
	publisher = {American Physical Society ({APS})},
	volume = {89},
	number = {4},
	author = {Sam Genway and Igor Lesanovsky and Juan P. Garrahan},
	title = {Localization in space and time in disordered-lattice open quantum dynamics},
	journal = {Physical Review E}
}

@article{Stano2012,
	doi = {10.1038/nphoton.2012.298},
	url = {https://doi.org/10.1038/nphoton.2012.298},
	year = {2012},
	month = dec,
	publisher = {Springer Science and Business Media {LLC}},
	volume = {7},
	number = {1},
	pages = {66--71},
	author = {Peter Stano and Philippe Jacquod},
	title = {Suppression of interactions in multimode random lasers in the Anderson localized regime},
	journal = {Nature Photonics}
}

@article{Liu2014,
	doi = {10.1038/nnano.2014.34},
	url = {https://doi.org/10.1038/nnano.2014.34},
	year = {2014},
	month = mar,
	publisher = {Springer Science and Business Media {LLC}},
	volume = {9},
	number = {4},
	pages = {285--289},
	author = {J. Liu and P. D. Garcia and S. Ek and N. Gregersen and T. Suhr and M. Schubert and J. M{\o}rk and S. Stobbe and P. Lodahl},
	title = {Random nanolasing in the Anderson localized regime},
	journal = {Nature Nanotechnology}
}

@article{Gurvitz2000,
	doi = {10.1103/physrevlett.85.812},
	url = {https://doi.org/10.1103/physrevlett.85.812},
	year = {2000},
	month = jul,
	publisher = {American Physical Society ({APS})},
	volume = {85},
	number = {4},
	pages = {812--815},
	author = {S. A. Gurvitz},
	title = {Delocalization in the Anderson Model due to a Local Measurement},
	journal = {Physical Review Letters}
}

@article{Nowak2012,
	doi = {10.1103/physreva.86.043610},
	url = {https://doi.org/10.1103/physreva.86.043610},
	year = {2012},
	month = oct,
	publisher = {American Physical Society ({APS})},
	volume = {86},
	number = {4},
	author = {Boris Nowak and Jami J. Kinnunen and Murray J. Holland and Peter Schlagheck},
	title = {Delocalization of ultracold atoms in a disordered potential due to light scattering},
	journal = {Physical Review A}
}

@article{Flores1999,
	doi = {10.1103/physrevb.60.30},
	url = {https://doi.org/10.1103/physrevb.60.30},
	year = {1999},
	month = jul,
	publisher = {American Physical Society ({APS})},
	volume = {60},
	number = {1},
	pages = {30--32},
	author = {J. C. Flores},
	title = {Diffusion in disordered systems under iterative measurement},
	journal = {Physical Review B}
}

@article{Valenti2015,
	doi = {10.1103/physrevb.91.235412},
	url = {https://doi.org/10.1103/physrevb.91.235412},
	year = {2015},
	month = jun,
	publisher = {American Physical Society ({APS})},
	volume = {91},
	number = {23},
	author = {D. Valenti and L. Magazz{\`{u}} and P. Caldara and B. Spagnolo},
	title = {Stabilization of quantum metastable states by dissipation},
	journal = {Physical Review B}
}

@article{Spagnolo2015,
	doi = {10.1016/j.chaos.2015.07.023},
	url = {https://doi.org/10.1016/j.chaos.2015.07.023},
	year = {2015},
	month = dec,
	publisher = {Elsevier {BV}},
	volume = {81},
	pages = {412--424},
	author = {B. Spagnolo and D. Valenti and C. Guarcello and A. Carollo and D. Persano Adorno and S. Spezia and N. Pizzolato and B. Di Paola},
	title = {Noise-induced effects in nonlinear relaxation of condensed matter systems},
	journal = {Chaos,  Solitons {\&} Fractals}
}

@article{Spagnolo2016,
	doi = {10.3390/e19010020},
	url = {https://doi.org/10.3390/e19010020},
	year = {2016},
	month = dec,
	publisher = {{MDPI} {AG}},
	volume = {19},
	number = {1},
	pages = {20},
	author = {Bernardo Spagnolo and Claudio Guarcello and Luca Magazz{\`{u}} and Angelo Carollo and Dominique Persano Adorno and Davide Valenti},
	title = {Nonlinear Relaxation Phenomena in Metastable Condensed Matter Systems},
	journal = {Entropy}
}









% ГОСТ Р 7.0.11-2011, Приложение Б, Книги
@BOOK{Sychev,
  author = {Сычёв, М. С.},
  title = {История Астраханского казачьего войска : учебное пособие},
  address = {Астрахань},
  publisher = {Волга},
  year = {2009},
  numpages = {231},
  language = {russian}
}

@BOOK{Sokolov,
  author = {Соколов, А. Н. and Сердобинцев, К. С.},
  editor = {Бочарова, В. М.},
  address = {Астрахань},
  publisher = {Калиниградский ЮИ МВД России},
  title = {Гражданское общество: проблемы формирования и развития (философский и юридический аспекты) : монография},
  year = {2009},
  numpages = {218},
  language = {russian}
}

@BOOK{Gaidaenko,
  author = {Гайдаенко, Т. А.},
  title = {Маркетинговое управление: принципы управленческих решений и российская практика},
  edition = {{}3-е изд, перераб. и доп.},
  address = {М.},
  publisher = {Эксмо: МИРБИС},
  year = {2008},
  numpages = {508},
  language = {russian}
}

@BOOK{Lermontov,
  author = {Лермонтов, Михаил Юрьевич},
  title = {Собрание сочинений: в 4 т.},
  address = {М.},
  publisher = {Терра-Кн. клуб},
  year = {2009},
  note = {4 т.},
  language = {russian}
}

@BOOK{Management,
  title = {Управление бизнесом : сборник статей},
  address = {Нижний новгород},
  publisher = {Изд-во Нижегородского университета},
  year = {2009},
  numpages = {243},
  language = {russian}
}

@BOOK{Borozda,
  author = {Борозда, И. В. and Воронин, Н. И. and Бушманов, А. В.},
  title = {Лечение сочетанных повреждений таза},
  address = {Владивосток},
  publisher = {Дальнаука},
  year = {2009},
  numpages = {195},
  language = {russian}
}

@BOOK{Marketing,
  author = {Михненков, О. В. and Коготкова, И. З. and Генкин, Е. В. and Сороко, Г. Я.},
  title = {Маркетинговые исследования в строительстве : учебное пособие для студентов специальности «Менеджмент организаций»},
  address = {М.},
  publisher = {Государственный университет управления},
  year = {2005},
  numpages = {59},
  language = {russian}
}

% ГОСТ Р 7.0.11-2011, Приложение Б, Нормативные правовые акты
@BOOK{Constitution,
  title = {Конституция Российской Федерации : офиц. текст.},
  address = {М.},
  publisher = {Маркетинг},
  year = {2001},
  numpages = {39},
  language = {russian}
}

@BOOK{FamilyCode,
  title = {Семейный кодекс Российской Федерации : [федер. закон: принят Гос. Думой 8 дек. 1995~г. : по состоянию на 3~янв. 2001~г.]},
  address = {СПб.},
  publisher = {Стаун-кантри},
  year = {2001},
  numpages = {94},
  language = {russian}
}

% ГОСТ Р 7.0.11-2011, Приложение Б, Стандарты
@BOOK{Gost.7.0.53,
  title = {ГОСТ Р 7.0.53-2007 Система стандартов по информации, библиотечному и издательскому делу. Издания. Международный стандартный книжный номер. Использование и издательское оформление.},
  address = {М.},
  publisher = {Стандартинформ},
  year = {2007},
  numpages = {5},
  language = {russian}
}

% ГОСТ Р 7.0.11-2011, Приложение Б, Депонированные научные работы
@BOOK{Razumovski,
  author = {Разумовский, В. А. and Андреев, Д. А.},
  title = {Управление маркетинговыми исследованиями в регионе},
  address = {М.},
  year = {2002},
  numpages = {210},
  note = {Деп. в ИНИОН Рос. акад. наук 15.02.02, № 139876},
  language = {russian}
}

% ГОСТ Р 7.0.11-2011, Приложение Б, Диссертации
@BOOK{Lagkueva,
  author = {Лагкуева, Ирина Владимировна},
  title = {Особенности регулирования труда творческих работников театров : дис. ... канд. юрид. наук : 12.00.05},
  address = {М.},
  year = {2009},
  numpages = {168},
  language = {russian}
}

@BOOK{Pokrovski,
  author = {Покровский, Андрей Владимирович},
  title = {Устранимые особенности решений эллиптических уравнений : дис. ... д-ра физ.-мат. наук : 01.01.01},
  address = {М.},
  year = {2008},
  numpages = {178},
  language = {russian}
}

% ГОСТ Р 7.0.11-2011, Приложение Б, Авторефераты диссертаций
@BOOK{Sirotko,
  author = {Сиротко, Владимир Викторович},
  title = {Медико-социальные аспекты городского травматизма в современных условиях : автореф. дис. ... канд. мед. наук : 14.00.33},
  address = {М.},
  year = {2006},
  numpages = {26},
  language = {russian}
}

% !!! этот пример НЕ работает с bibtex
% Тот же пример, с использованием https://www.ctan.org/pkg/biblatex-gost
@THESIS{Sirotko2,
  author =       {Сиротко, Владимир Викторович},
  title =        {Медико-социальные аспекты городского травматизма в современных условиях},
  media =        {text},
  type =         {phdautoref},
  science =      {мед. наук},
  specialitycode ={14.00.33},
  address =      {М.},
  year =         {2006},
  pagetotal =    {26},
  language =     {russian},
}

@BOOK{Lukina,
  author = {Лукина, Валентина Александровна},
  title = {Творческая история «Записок охотника» И. С. Тургенева : автореф. дис. ... канд. филол. наук : 10.01.01},
  address = {СПб.},
  year = {2006},
  numpages = {26},
  language = {russian}
}

% !!! этот пример НЕ работает с bibtex
% Тот же пример, с использованием https://www.ctan.org/pkg/biblatex-gost
@THESIS{Lukina2,
  author =       {Лукина, Валентина Александровна},
  title =        {Творческая история «Записок охотника» И. С. Тургенева},
  media =        {text},
  type =         {phdautoref},
  science =      {филол. наук},
  specialitycode ={10.01.01},
  address =      {СПб.},
  year =         {2006},
  pagetotal =    {26},
  language =     {russian},
}

% ГОСТ Р 7.0.11-2011, Приложение Б, Отчёты о научно-исследовательской работе
@BOOK{Methodology,
  author = {Загорюев, А. Л.},
  title = {Методология и методы изучения военно-профессиональной направленности подростков : отчёт о НИР},
  address = {Екатеринбург},
  institution = {Уральский институт практической психологии},
  year = {2008},
  numpages = {102},
  language = {russian}
}

% ГОСТ Р 7.0.11-2011, Приложение Б, Электронные ресурсы
@BOOK{Encyclopedia,
  title = {Художественная энциклопедия зарубежного классического искусства [Электронный ресурс]},
  address = {М.},
  publisher = {Большая Рос. энкцикл.},
  year = {1996},
  note = {1 электрон. опт. диск (CD-ROM)},
  language = {russian}
}

% !!! этот пример НЕ работает с bibtex
% Тот же пример, с использованием https://www.ctan.org/pkg/biblatex-gost
@BOOK{Encyclopedia2,
  title = {Художественная энциклопедия зарубежного классического искусства},
  address = {М.},
  media = {eresource},
  publisher = {Большая Рос. энкцикл.},
  year = {1996},
  note = {1 электрон. опт. диск (CD-ROM)},
  language = {russian},
}

@ARTICLE{Nasirova,
  author =       {Насырова, Г. А.},
  title =        {Модели государственного регулирования страховой деятельности
                  [Электронный ресурс]},
  journal =      {Вестник Финансовой академии},
  year =         {2003},
  number =       {4},
  note =         {Режим доступа: http://vestnik.fa.ru/4(28)2003/4.html},
  language =     {russian}
}

@ARTICLE{Nasirova2,
  author = {Насырова, Г. А.},
  title = {Модели государственного регулирования страховой деятельности},
  journal = {Вестник Финансовой академии},
  year = {2003},
  media = {eresource},
  number = {4},
  note = {Режим доступа: http://vestnik.fa.ru/4(28)2003/4.html},
  language = {russian}
}

% ГОСТ Р 7.0.11-2011, Приложение Б, Статьи

@ARTICLE{Berestova,
  author = {Берестова, Т. Ф.},
  title = {Поисковые инструменты библиотеки},
  journal = {Библиография},
  year = {2006},
  number = {4},
  pages = {19},
  language = {russian}
}

@ARTICLE{Kriger,
  author = {Кригер, И.},
  title =  {Бумага терпит},
  journal = {Новая газета},
  year = {2009},
  note = {1 июля},
  language = {russian}
}


% Examples from https://verbosus.com/bibtex-style-examples.html
@ARTICLE{Article,
  author   = {Peter Adams},
  title    = {The title of the work},
  journal  = {The name of the journal},
  year     = {1993},
  number   = {2},
  pages    = {201-213},
  month    = {7},
  note     = {An optional note},
  volume   = {4},
  language = {english}
}

@BOOK{Book,
  author    = {Peter Babington},
  title     = {The title of the work},
  publisher = {The name of the publisher},
  year      = {1993},
  volume    = {4},
  series    = {10},
  address   = {The address},
  edition   = {3},
  month     = {7},
  note      = {An optional note},
  isbn      = {3257227892},
  language  = {english}
}

@BOOKLET{Booklet,
  title        = {The title of the work},
  author       = {Peter Caxton},
  howpublished = {How it was published},
  address      = {The address of the publisher},
  month        = {7},
  year         = {1993},
  note         = {An optional note},
  language     = {english}
}

@CONFERENCE{Conference,
  author       = {Peter Draper},
  title        = {The title of the work},
  booktitle    = {The title of the book},
  year         = {1993},
  editor       = {The editor},
  volume       = {4},
  series       = {5},
  pages        = {213},
  address      = {The address of the publisher},
  month        = {7},
  organization = {The organization},
  publisher    = {The publisher},
  note         = {An optional note},
  language     = {english}
}

@INBOOK{Inbook,
  author       = {Peter Eston},
  title        = {The title of the work},
  booktitle    = {Book title},
  chapter      = {8},
  pages        = {201-213},
  publisher    = {The name of the publisher},
  year         = {1993},
  volume       = {4},
  series       = {5},
  address      = {The address of the publisher},
  edition      = {3},
  month        = {7},
  note         = {An optional note},
  language     = {english}
}

@INCOLLECTION{Incollection,
  author       = {Peter Farindon},
  title        = {The title of the work},
  booktitle    = {The title of the book},
  publisher    = {The name of the publisher},
  year         = {1993},
  editor       = {The editor},
  volume       = {4},
  series       = {5},
  chapter      = {8},
  pages        = {201-213},
  address      = {The address of the publisher},
  edition      = {3},
  month        = {7},
  note         = {An optional note},
  language     = {english}
}

@MANUAL{Manual,
  title        = {The title of the work},
  author       = {Peter Gainsford},
  organization = {The organization},
  address      = {The address of the publisher},
  edition      = {3},
  month        = {7},
  year         = {1993},
  note         = {An optional note},
  language     = {english}
}

@MASTERSTHESIS{Mastersthesis,
  author       = {Peter Harwood},
  title        = {The title of the work},
  school       = {The school where the thesis was written},
  year         = {1993},
  address      = {The address of the publisher},
  month        = {7},
  note         = {An optional note},
  language     = {english}
}

@MISC{Misc,
  author       = {Peter Isley},
  title        = {The title of the work},
  howpublished = {How it was published},
  month        = {7},
  year         = {1993},
  note         = {An optional note},
  language     = {english}
}

@PHDTHESIS{Phdthesis,
  author       = {Peter Joslin},
  title        = {The title of the work},
  school       = {The school where the thesis was written},
  year         = {1993},
  address      = {The address of the publisher},
  month        = {7},
  note         = {An optional note},
  language     = {english}
}

@PROCEEDINGS{Proceedings,
  title        = {The title of the work},
  year         = {1993},
  editor       = {Peter Kidwelly},
  volume       = {4},
  series       = {5},
  address      = {The address of the publisher},
  month        = {7},
  organization = {The organization},
  publisher    = {The name of the publisher},
  note         = {An optional note},
  language     = {english}
}

@TECHREPORT{Techreport,
  author       = {Peter Lambert},
  title        = {The title of the work},
  institution  = {The institution that published},
  year         = {1993},
  number       = {2},
  address      = {The address of the publisher},
  month        = {7},
  note         = {An optional note},
  language     = {english}
}

@UNPUBLISHED{Unpublished,
  author       = {Peter Marcheford},
  title        = {The title of the work},
  note         = {An optional note},
  month        = {7},
  year         = {1993},
  language     = {english}
}

%%% Реальные примеры

% Инициалы должны быть записаны после запятой, с точками, через пробел
% http://www.kit-e.ru/articles/elcomp/2006_12_124.php
% Подчёркивания в ссылке приходится экранировать
% http://www.kit-e.ru/articles/elcomp/2006\_12\_124.php
@online{medvedev2006jelektronnye,
  title={Электронные компоненты и монтажные подложки},
  author={Медведев, А. М.},
  journal={Компоненты и технологии},
  number={12},
  pages={124--134},
  year={2006},
  medium={Электронный ресурс},
  url = {http://www.kit-e.ru/articles/elcomp/2006\_12\_124.php},
  urldate = {19.01.2015},
  language = {russian}
}

% Real example
% & в названии журнала надо экранировать
% 10.1002/1521-4125(200007)23:7<581::AID-CEAT581>3.0.CO;2-P
% < > в ссылке приходится экранировать %3C и %3E, а потом ещё знаки процента в них экранировать
% 10.1002/1521-4125(200007)23:7%3C581::AID-CEAT581%3E3.0.CO;2-P
% 10.1002/1521-4125(200007)23:7\%3C581::AID-CEAT581\%3E3.0.CO;2-P
% url не нужен. если запись о бумажной публикации
@article {CEAT:CEAT581,
  author = {Deiters, U. K.},
  title = {A Modular Program System for the Calculation of Thermodynamic Properties of Fluids},
  journal = {Chemical Engineering \& Technology},
  volume = {23},
  number = {7},
  publisher = {WILEY-VCH Verlag},
  issn = {1521-4125},
  doi = {10.1002/1521-4125(200007)23:7<581::AID-CEAT581>3.0.CO;2-P},
  pages = {581--584},
  year = {2000},
  language = {english}
}

% Real with  4 authors
@article{doi:10.1080/01932691.2010.513279,
  author = {Young-Sang Cho and Young Kuk Kim and Kook Chae Chung and Chul Jin Choi },
  title = {Deformation of Colloidal Crystals for Photonic Band Gap Tuning},
  journal = {Journal of Dispersion Science and Technology},
  volume = {32},
  number = {10},
  pages = {1408-1415},
  year = {2011},
  doi = {10.1080/01932691.2010.513279},
  language = {english}
}

% doi with (), author with umlaut or other unicode or specific symbols, 9 authors
% latex don't like Gösele1999161 in ref
% Умляуты в авторах понимаются из-за поддержки в юникодной странице pdflatex и xelatex
% Иллюстрация того, что будет. если на английской записи будут поставлена пометка, что язык русский
@article{Gosele1999161,
  title = "Wafer bonding for microsystems technologies",
  journal = "Sensors and Actuators A: Physical",
  volume = "74",
  number = "1–3",
  pages = "161 - 168",
  year = "1999",
  issn = "0924-4247",
  doi = "10.1016/S0924-4247(98)00310-0",
  author = "Gösele, U. and Tong, Q.-Y. and Schumacher, A. and Kräuter, G. and Reiche, M. and Plößl, A. and Kopperschmidt, P. and Lee, T.-H. and Kim, W.-J.",
  keywords = "Wafer bonding",
  keywords = "Fusion bonding",
  keywords = "Pressure sensors",
  keywords = "Interface reactions",
  keywords = "Hydrophilic bonding",
  keywords = "Hydrophobic bonding",
  language = {russian}
}

% Real example (from Google or Springer)
% unmodified styles don't know %language = {English}
% язык писать с маленьких
% иллюстрация incollection
% 10.1007/0-387-32989-7_45
% Подчёркивания в DOI приходится экранировать
% 10.1007/0-387-32989-7\_45
@incollection{Li2007StressAnalysis,
  year={2007},
  isbn={978-0-387-27974-9},
  booktitle={Micro- and Opto-Electronic Materials and Structures: Physics, Mechanics, Design, Reliability, Packaging},
  editor={Suhir, E. and Lee, Y. C. and Wong, C. P.},
  doi={10.1007/0-387-32989-7_45},
  title={Stress Analysis for Processed Silicon Wafers and Packaged Micro-devices},
  publisher={Springer US},
  author={Li, Li and Guo, Yifan and Zheng, Dawei},
  pages={B677-B709},
  language={english}
}

% Real, β sign
% inputenc don't know β sign %aluminosilicate-β-quartz
% Знаки типа β, которые не знает таблица кодировки, с которой работает компилятор нужно заменять на latex команды
% doi должен быть без http://dx.doi.org/
@article{Shoji199895,
title = "Low-temperature anodic bonding using lithium aluminosilicate-\(\beta\)-quartz glass ceramic",
journal = "Sensors and Actuators A: Physical",
volume = "64",
number = "1",
pages = "95 - 100",
year = "1998",
note = "Tenth {IEEE} International Workshop on Micro Electro Mechanical Systems ",
issn = "0924-4247",
doi = "10.1016/S0924-4247(97)01659-2",
author = {Shuichi Shoji and Hiroto Kikuchi and Hirotaka Torigoe},
keywords = "Anodic bonding",
keywords = "Low-temperature bonding",
keywords = "Micro assembly",
keywords = "Micro package",
keywords = "Glass ceramic",
}


% from urlbst package
% Example from Jason Eisner, by mail (nothing special about the entry,
% but he seemed to be having formatting problems with unsrturl and proceedings
% entries.
% http://cs.jhu.edu/~jason/papers/#icassp07
@InProceedings{test:eisner-sample,
  author =       {Damianos Karakos and Sanjeev Khudanpur and Jason
                  Eisner and Carey~E. Priebe},
  title =        {Iterative denoising using {J}ensen-{R}enyi
                  divergences with an application to unsupervised
                  document categorization},
  booktitle =    {Proceedings of ICASSP},
  year =         2007,
  url =          {http://cs.jhu.edu/~jason/papers/\#icassp07}
}

@InProceedings{test:eisner-sample-shorted,
  author =       {Damianos Karakos and Sanjeev Khudanpur and Jason
                  Eisner and Carey~E. Priebe},
  title =        {Iterative denoising using {J}ensen-{R}enyi
                  divergences with an application to unsupervised
                  document categorization},
  booktitle =    {Proceedings of ICASSP},
  shortbooktitle = {Proc. of ICASSP},
  year =         2007,
  url =          {http://cs.jhu.edu/~jason/papers/\#icassp07}
}

% Попытка записать патент имеющимися средствами
@Book{iofis_patent1960,
  title                    = {Способ пайки керамики с~керамикой и~стекла с~металлом : а.\,с.~126728 СССР},
  author                   = {Иофис, Н. А.},
  year                     = {1960},
  numpages                 = {Бюл. № 5.~1},
  language                 = {russian}
}

% Попытка записать патент имеющимися средствами
@Book{AB_patent_Pomerantz_1968,
  title                    = {Anodic bonding : patent no. 3397278 US},
  author                   = {Pomerantz, D. I.},
  year                     = {1968},
  language                 = {english}
}

% !!! этот пример НЕ работает с bibtex
% Примеры оформления патентов из пакета https://www.ctan.org/pkg/biblatex-gost
@Patent{patent2h,
  heading =      {Заявка 1095735 Рос. федерация, МПК\ensuremath{^7} B 64 G 1/00},
  author =       {Тернер, Э. В.},
  authortype =   {США},
  title =        {Одноразовая ракета-носитель},
  media =        {text},
  holder =       {{заявитель Спейс Системз/Лорал, инк.}},
  credits =      {патент. поверенный Егорова Г. Б.},
  reqnumber =    {2000108705/28},
  date =         {2000-04-07},
  publdate =     {2001-03-10},
  publication =  {Бюл. № 7 (I ч.)\midsentence},
  prdate =       {1999-04-09},
  prnumber =     {09/289, 037},
  prcountry =    {countryus},
  pagetotal =    {5 с.~: ил.},
  language =     {russian},
}

@Patent{patent3h,
  heading =      {А. с. 1007970 СССР, МКИ\ensuremath{^3} В 25.1 15/00},
  author =       {В. С. Ваулин and В. Г. Кемайкин},
  authortype =   {СССР},
  title =        {Устройство для захвата неориентированных деталей типа валов},
  media =        {text},
  reqnumber =    {3360585/25-08},
  date =         {1981-11-23},
  publication =  {Бюл. № 12},
  publdate =     {1983-03-30},
  pagetotal =    {2 с.~: ил.},
  language =     {russian},
}

@Patent{patent2,
  author =       {Тернер, Э. В.},
  authortype =   {США},
  title =        {Одноразовая ракета-носитель},
  media =        {text},
  type =         {patreq},
  number =       1095735,
  location =     {countryru},
  ipc =          {МПК\ensuremath{^7} B 64 G 1/00},
  holder =       {{заявитель Спейс Системз/Лорал, инк.}},
  credits =      {патент. поверенный Егорова Г. Б.},
  reqnumber =    {2000108705/28},
  date =         {2000-04-07},
  publdate =     {2001-03-10},
  publication =  {Бюл. № 7 (I ч.)\midsentence},
  prioritydate = {1999-04-09},
  prioritynumber ={09/289, 037},
  prioritycountry ={countryus},
  pagetotal =    {5 с.~: ил.},
  language =     {russian},
}
