@Patent{prog1,
  heading =      {Свидетельство о государственной регистрации программы для {ЭВМ}},
  author =       {Юсипов, И. И.},
  title =        {Вычисление квантовых ляпуновских показателей методом квантовых
  траекторий},
  holder =       {Национальный исследовательский Нижегородский государственный университет имени Н. И. Лобачевского},
  reqnumber =    2019665144,
  publdate =     {2019-11-20},
  date =         {2019-11-12},
  prcountry =    {countryru},
  language =     {russian},
  authorprogram ={yes},
}
